<record><leader>00000cas a22000007a 4500</leader><controlfield tag="001">16801103</controlfield><controlfield tag="008">871002d188718uupauwr ne      0    0eng d</controlfield><datafield ind1=" " ind2=" " tag="010"><subfield code="a">sn 87080578 </subfield></datafield><datafield ind1=" " ind2=" " tag="040"><subfield code="a">NPH</subfield><subfield code="b">eng</subfield><subfield code="c">NPH</subfield><subfield code="d">OCLCQ</subfield></datafield><datafield ind1=" " ind2=" " tag="042"><subfield code="a">msc</subfield></datafield><datafield ind1="0" ind2="4" tag="245"><subfield code="a">The Kane weekly leader.</subfield></datafield><datafield ind1=" " ind2=" " tag="260"><subfield code="a">Kane, Pa. :</subfield><subfield code="b">Eug. J. Miller,</subfield><subfield code="c">1887-</subfield></datafield><datafield ind1=" " ind2=" " tag="300"><subfield code="a">v.</subfield></datafield><datafield ind1=" " ind2=" " tag="310"><subfield code="a">Weekly</subfield></datafield><datafield ind1="0" ind2=" " tag="362"><subfield code="a">Vol. 3, no. 25 (Dec. 15, 1887)-</subfield></datafield><datafield ind1=" " ind2=" " tag="752"><subfield code="a">United States</subfield><subfield code="b">Pennsylvania</subfield><subfield code="c">McKean</subfield><subfield code="d">Kane.</subfield></datafield><datafield ind1="0" ind2="0" tag="780"><subfield code="t">Kane leader (Kane, Pa. : 1885)</subfield><subfield code="w">(DLC)sn 87080577</subfield></datafield><datafield ind1="0" ind2="0" tag="785"><subfield code="t">Kane leader (Kane, Pa. : 1894)</subfield><subfield code="w">(DLC)sn 87080576</subfield></datafield></record>